% Encoding: Cp1252

% Demo on DIN Online Links
@BOOKLET{Macke,
 title = {Mein Blog},
  author = {Stefan Macke},
  lastchecked = {09.05.2006},
  owner = {macke},
  timestamp = {2006.05.09},
  url = {http://blog.stefan-macke.de},
  urldate = {10.05.2006},
}


@ONLINE{
    MS:Access,
    author = {{Microsoft Access}},
    url = {http://office.microsoft.com/en-gb/access/default.aspx},
    abstract = {Access 2007 helps you effectively track, report, and share
      information in a manageable environment, to make more informed business
        decisions. With a library of pre-built tracking applications (database
            solutions) and the Microsoft Office Fluent user interface, Access
        2007 does not require deep database knowledge or programming skills.
        Information can be shared through Microsoft Windows SharePoint Services
        lists, where it can be audited and backed up easily.}
}

@ONLINE{
    MS:SQLServer,
    author = {{Microsoft SQL Server 2008}},
    url = {http://www.microsoft.com/sqlserver/2008/en/us/default.aspx},
    abstract = {SQL Server 2008 delivers on Microsofts Data Platform vision by
      helping your organization manage any data, any place, any time. Store
        data from structured, semi-structured, and unstructured documents, such
        as images and rich media, directly within the database. SQL Server 2008
        delivers a rich set of integrated services that enable you to do more
        with your data such as query, search, synchronize, report, and analyze.}
}

@ONLINE{
    VB:RegEx,
    author = {{VBScript.NET RegEx}},
    url = {http://msdn.microsoft.com/en-us/library/ms974570.aspx},
    abstract = { Microsoft MSDN documentation for VBScript.NET }
}


@ONLINE{
    MS:Visio,
    author = {{Microsoft Visio 2007}},
    url = {http://office.microsoft.com/en-us/visio/default.aspx},
    abstract = {Microsoft Office Visio 2007 makes it easy for IT and business
      professionals to visualize, explore, and communicate complex
        information.}
}


@ONLINE{
VB:WinWrap,
     author = {{WinWrap}},
     url = {http://www.winwrap.com/},
     abstract = {
       WinWrap® Basic is a low cost, powerful .NET/COM component which is an
         alternative to ActiveX, VBA and VSTA scripting. Hundreds of developers
         world-wide depend on WinWrap® Basic to provide their customers with
         advanced end-user scripting and automation. Available for both 32 bit
         and 64 bit Windows. }
}


@ONLINE{
Kofax:KTM,
        author = {{Kofax Transformation Module}},
        url = {http://www.kofax.com/transformation/},
        abstract = {
          Kofax Transformation Modules feature unique classification and separation
            technology that yield high accuracy on the most complex documents, and
            a powerful set of extraction technologies that can be used in
            combination to yield maximum performance.}
}

@ONLINE{
Kofax:KC,
        author = {{Kofax Capture}},
        url = {http://www.kofax.com/document-capture-software/},
        abstract = {Kofax Capture, formerly Ascent Capture, accelerates business
          processes by collecting documents and forms, transforming them into
            accurate, retrievable information, and delivering it all into your
            business applications and databases.
        } 

}

@ONLINE{
Kofax:KCS,
        author = {{Kofax Communication Server}},
        url = {http://www.kofax.com/communication/},
        abstract = {
          The Kofax Communication Server, formerly TOPCALL Communication Server,
          coordinates and performs the automated exchange of information by
            integrating inbound and outbound communication channels. It links
            virtually any device such as MFPs and phone systems, media types like
            email, fax, SMS, MMS, voicemail and telex, and applications such as
            SAP, IBM WebSphere MQ and Kofax document capture products.
            Organizations can exchange information in the formats most appropriate
            for their customers and partners, enable intelligent routing and trace
              information for compliance purposes.}
}

@ONLINE{
  AnywhereUSB,
    author = {{AnywhereUSB}},
    url = {http://www.digi.com/products/usb/anywhereusb.jsp},
    abstract = {AnywhereUSB hubs, featuring Digis patented USB over IP
      technology, make it easy to connect two to five USB devices anywhere on a
        wired or wireless network without locally attached host PCs.}
}

@ONLINE{
  VMwareESX,
    author = {{VMware ESX}},
    url = {http://www.vmware.com/resources/techresources/426},
    abstract = {Virtualize even the most resource-intensive applications with
      the hypervisors that set the industry standard for reliability,
      performance and cross-platform support.}
}

@ONLINE{
  Python,
    author = {{Python}},
    url = {http://python.org/},
    abstract = {Python is a programming language that lets you work more quickly
      and integrate your systems more effectively. You can learn to use Python
        and see almost immediate gains in productivity and lower maintenance
        costs.}
}

@ONLINE{
  Paramiko,
    author = {{Paramiko}},
    url = {http://www.lag.net/paramiko/},
    abstract = {paramiko is a module for python 2.2 (or higher) that implements
      the SSH2 protocol for secure (encrypted and authenticated) connections
        to remote machines.  }
}

@ONLINE{
  PyCrypto,
    author = {{PyCrypto}},
    url =
    {http://www.pycrypto.org},
    abstract = {The Python cryptography toolkit is intended to provide a
      reliable and stable base for writing Python programs that require
        cryptographic functions.}
}

@ONLINE{
  SOAPPy,
    author = {{SOAPPy}},
    url = {http://pywebsvcs.sourceforge.net/},
    abstract = { The goal of the SOAPpy team is to provide a full-featured SOAP
      library for Python that is very simple to use and that fully supports
        dynamic interaction between clients and servers.}
}


@ONLINE{
  PyNSource,
    author = {{PyNSource}},
    url =
    {http://www.andypatterns.com/index.php/products/pynsource_-_uml_tool_for_python/},
    abstract = {Automatic UML generation for Python source.}
}

@ONLINE{
  Cheetah,
    author = {{Cheetah}},
    url = {http://www.cheetahtemplate.org},
    abstract = {Cheetah is an open source  template engine and code generation
      tool, written in Python.}
}

@ONLINE{
  PyWin32,
    author = {{PyWin32}},
    url = {http://sourceforge.net/projects/pywin32/},
    abstract = {Win32API, PythonWin IDE und mehr}
}

@ONLINE{
  EpyDoc,
    author = {{EpyDoc}},
    url = {http://epydoc.sourceforge.net},
    abstract = {Epydoc is a tool for generating API documentation for Python
      modules, based on their docstrings.}
}

@ONLINE{
  PyCallGraph,
    author = {{PyCallGraph}},
    url = {http://pycallgraph.slowchop.com/},
    abstract = {pycallgraph is a Python module that creates call graphs for
      Python programs.}
}


@ONLINE{
  Unittest,
    author = {{Python Unittest}},
    url = {http://docs.python.org/library/unittest.html},
    abstract = {The Python unit testing framework, sometimes referred to as
      PyUnit is a Python language version of JUnit, by Kent Beck and Erich
        Gamma.}
}


@ONLINE{
  PapierformateUndAufloesungen,
    author = {{Papierformate und Aufl\"osungen}},
    url = {http://de.wikipedia.org/wiki/Fax},
    abstract = {Auflösungsmöglichkeiten von Fax-Geraeten}
}

@ONLINE{
  GraphVIZ,
    author = {{GraphVIZ}},
    url = {http://www.graphviz.org/},
    abstract = {Graph visualization is a way of representing structural
      information as diagrams of abstract graphs and networks. Automatic graph
        drawing has many important applications in software engineering,
      database and web design, networking, and in visual interfaces for many
        other domains. } }

        @ONLINE{
          GU,
            author = {{Gerichtsurkunden (GU)}},
            url = {www.post.ch/gerichtsurkunden},
            abstract = {Für Vorladungen, Bussen, Gerichtsentscheide, Verfügungen und
              Urteile bietet die Post das Produkt «Gerichtsurkunde» an. Die
                Empfangsbestätigung wird dem Absender mit der Zustellbescheinigung
                des Empfängers zurückgeschickt.}
        }


@ONLINE{
  DTS,
    author = {{Data Transfer Handbuch}},
    url = {http://www.post.ch/post-datatransfer-handbuch.pdf},
    abstract = {Alles Wichtige für das reibungslose Einrichten der
      Schnittstelle zu DataTransfer auf einen Blick: Schema, Beispieldateien,
      Dokumentationen, Handbücher.}
}

@ONLINE{
  yED,
    author = {{yED}},
    url = {http://www.yworks.com/en/products_yed_about.html},
    abstract = {yEd is a very powerful graph editor that can be used to quickly
      and effectively generate drawings and to apply automatic layouts to a
        range of different diagrams and networks.}
}

@ONLINE{
  CrystalReports,
    author = {{Crypstal Reports}},
    url = {http://www.crystalreports.com/},
    abstract = {Create compelling reports that access data from multiple
      sources. By visualizing your data, you will gain the insights that you
        need to make informed decisions.}
}


@BOOK{TEMPLATE_1,
  title = {Code Craft: The Practice of Writing Excellent Code},
  publisher = {No Starch Press},
  year = {2007},
  author = {Pete Goodliffe},
  isbn = {1-59327-119-0},
  owner = {Stefan},
  price = {$44.95},
  timestamp = {2008.12.20},
  totalpages = {624},
  url = {http://amazon.com/o/ASIN/1593271190/}
}

@BOOKLET{TEMPLATE_2,
  title = {About OASIS},
  author = {OASIS},
  lastchecked = {24.05.2007},
  year = {2007},
  owner = {Stefan},
  timestamp = {2007.05.24},
  url = {http://www.oasis-open.org/who/}
}

@ONLINE{
  PG1,
    author = {{Paul Graham}},
    url = {http://www.paulgraham.com/mcilroy.html},
    abstract = {Doug McIlroy: McCarthy presents LISP"}
}
@ONLINE{
  PG2,
    author = {{Paul Graham}},
    url = {http://www.paulgraham.com/jargon96.html},
    abstract = {Jargon File entry}
}
@ONLINE{
  Clojure.org,
    author = {Clojure.org},
    url = {http://clojure.org/ },
    abstract = {Clojure introduction}
}
